@article{FCNN,
author = {Jonathan Long, Evan Shelhamer and Trevor Darrell},
title = {Fully Convolutional Networks for Semantic Segmentation},
year = 2015,
note = "https://arxiv.org/pdf/1411.4038.pdf"
}

@misc{efficientnet,
    author = "{Mingxing Tan and Quoc V. Le}",
    title = "{EfficientNet: Rethinking Model Scaling for Convolutional Neural Networks}",
    year = "2019",
    note = "https://arxiv.org/pdf/1905.11946.pdf",
  }

@misc{resnet,
    author = "{Kaiming He, Xiangyu Zhang, Shaoqing Ren and Jian Sun}",
    title = "{Deep Residual Learning for Image Recognition}",
    year = "2015",
    note = "https://arxiv.org/pdf/1512.03385.pdf",
  }
  
@misc{Unet,
    author = "{Olaf Ronneberger, Philipp Fischer and Thomas Brox}",
    title = "{U-Net: Convolutional Networks for Biomedical Image   Segmentation}",
    year = "2015",
    note = "https://arxiv.org/pdf/1505.04597.pdf",
  }

@misc{Severstal,
    note = "Severstal: steel defect detection",
    note = "https://www.kaggle.com/c/severstal-steel-defect-detection/data",
  }

@misc{tversky,
    title={Tversky loss function for image segmentation using 3D fully convolutional deep networks},
    author={Seyed Sadegh Mohseni Salehi and Deniz Erdogmus and Ali Gholipour},
    year={2017},
    eprint={1706.05721},
    archivePrefix={arXiv},
    primaryClass={cs.CV}
}